%% This BibTeX bibliography file was created using BibDesk.
%% http://bibdesk.sourceforge.net/

%% Created for Natalia de Faria at 2017-04-19 19:13:49 -0300 


%% Saved with string encoding Unicode (UTF-8) 



@book{patterson2007,
	Address = {Waltham/MA, EUA},
	Author = {David A Patterson and John L Hennesy},
	Date-Added = {2017-04-19 22:07:38 +0000},
	Date-Modified = {2017-04-19 22:13:29 +0000},
	Edition = {5th Edition},
	Publisher = {Morgan Kaufmann},
	Title = {Computer Organization and Design},
	Year = {2007}}

@manual{NBR6028:2003,
	Address = {Rio de Janeiro},
	Date-Added = {2012-12-15 21:02:12 +0000},
	Date-Modified = {2012-12-15 21:02:50 +0000},
	Month = {nov.},
	Org-Short = {ABNT},
	Organization = {Associa{\c c}\~ao Brasileira de Normas T\'ecnicas},
	Pages = 2,
	Subtitle = {Resumo - Apresenta{\c c}{\~a}o},
	Title = {{NBR} 6028},
	Year = 2003}
